@InProceedings{Cordts_2016_CVPR,
	author = {Cordts, Marius and Omran, Mohamed and Ramos, Sebastian and Rehfeld, Timo and Enzweiler, Markus and Benenson, Rodrigo and Franke, Uwe and Roth, Stefan and Schiele, Bernt},
	title = {The Cityscapes Dataset for Semantic Urban Scene Understanding},
	booktitle = {The IEEE Conference on Computer Vision and Pattern Recognition (CVPR)},
	month = {June},
	year = {2016}
}
@inproceedings{kanezaki2018_unsupervised_segmentation,
	title={Unsupervised Image Segmentation by Backpropagation},
	author={Asako Kanezaki},
	booktitle={Proceedings of IEEE International Conference on Acoustics, Speech, and Signal Processing (ICASSP)},
	year={2018},
}